% Encoding: UTF-8

@Electronic{LTC,
  author       = {{Analog Devices}},
  title        = {LTC6752/LTC6752-1/LTC6752-2/LTC6752-3/LTC6752-4},
  year         = {2020},
  url          = {https://www.analog.com/media/en/technical-documentation/data-sheets/6752fc.pdf},
  note         = {(Abrufdatum 03.01.2020)},
  howpublished = {Analog Devices},
}

@Article{Franzis,
  author    = {Thomas Riegler},
  title     = {Theremin zum selberbauen},
  journal   = {Franzis},
  year      = {2018},
  volume    = {73},
  number    = {1},
  pages     = {1-73},
  doi       = {GTIN 4019631670519},
  owner     = {Franzis Verlag},
  timestamp = {2018},
}

@Electronic{physik_theremin,
  author       = {{Kenneth D. Skeldon, Lindsay M. Reid, Viviene McInally, Brendan Dougan, and Craig Fulton}},
  title        = {Physics of the Theremin},
  year         = {1998},
  url          = {https://pdfs.semanticscholar.org/159b/8f7ab33083fc1b8de584ec338b0ee2f6fd7b.pdf},
  note         = {(Abrufdatum 03.01.2020)},
  howpublished = {natbib},
}

@Electronic{Cordic,
  author = {{Esteban O. Garcia}},
  title  = {Paper Cordic Generator},
  year   = {2006},
  url    = {https://ccc.inaoep.mx/~rcumplido/papers/2006-Garcia-Pipelined%20CORDIC%20Design.pdf},
  note   = {(Abrufdatum 17.01.2020)},
}

@Electronic{Theremin_h,
  author = {{WDR}},
  title  = {05. August 2010 - Vor 90 Jahren: Musikinstrument Theremin wird vorgestellt},
  year   = {2010},
  url    = {https://www1.wdr.de/stichtag/stichtag5844.html},
  note   = {(Abrufdatum 17.01.2020)},
}

@Electronic{Goast_m,
  author = {{Garrett Tiedemann }},
  title  = {A history of the theremin in movie music},
  year   = {2016},
  url    = {https://www.classicalmpr.org/story/2016/07/15/theremin-movie-music},
  note   = {(Abrufdatum 17.01.2020)},
}

@Electronic{cic_h,
  author = {{Eugene B. Hogenauer}},
  title  = {An Economical Class of Digital Filters for Decimation and Interpolation},
  year   = {1981},
  url    = {http://read.pudn.com/downloads163/ebook/744947/123.pdf},
  note   = {(Abrufdatum 17.01.2020)},
}

@Electronic{cic_a,
  author = {{Intel}},
  title  = {Understanding CIC Compensation Filters},
  year   = {2007},
  url    = {https://www.intel.com/content/dam/www/programmable/us/en/pdfs/literature/an/an455.pdf},
  note   = {(Abrufdatum 17.01.2020)},
}

@Electronic{codec,
  author = {{Wolfson}},
  title  = {Portable Internet Audio CODEC WM8731},
  year   = {2012},
  url    = {https://statics.cirrus.com/pubs/proDatasheet/WM8731_v4.9.pdf},
  note   = {(Abrufdatum 17.01.2020)},
}

@Electronic{Audio_core,
  author = {{Intel}},
  title  = {Audio core for Intel DE-Series Boards},
  year   = {2017},
  url    = {ftp://ftp.intel.com.br/Pub/fpgaup/pub/Intel_Material/18.0/University_Program_IP_Cores/Audio_Video/Audio.pdf},
  note   = {(Abrufdatum 17.01.2020)},
}

@Electronic{Audio_config,
  author = {{Intel}},
  title  = {Audio/Video Configuration Core},
  year   = {2017},
  url    = {ftp://ftp.intel.com/Pub/fpgaup/pub/Intel_Material/15.0/University_Program_IP_Cores/Audio_Video/Audio_and_Video_Config.pdf},
  note   = {(Abrufdatum 17.01.2020)},
}

@Electronic{Audio_clock,
  author = {{Intel}},
  title  = {Clocks for Altera DE-Series Boards},
  year   = {2014},
  url    = {ftp://ftp.intel.com/Pub/fpgaup/pub/Intel_Material/15.0/University_Program_IP_Cores/Clocks/Altera_UP_Clocks.pdf},
  note   = {(Abrufdatum 17.01.2020)},
}

@Electronic{Hanspeter,
  author = {{Hanspeter Schmid}},
  title  = {How to use the FFT and Matlab’s pwelch function},
  year   = {2012},
  url    = {http://www.schmid-werren.ch/hanspeter/publications/2012fftnoise.pdf},
  note   = {(Abrufdatum 17.01.2020)},
}

@Electronic{non_volatile,
  author = {{Intel}},
  title  = {Embedded Design Handbook},
  year   = {2020},
  url    = {https://www.intel.com/content/dam/www/programmable/us/en/pdfs/literature/hb/nios2/edh_ed_handbook.pdf},
  note   = {(Abrufdatum 12.08.2020)},
}

@Electronic{LCD_Chip,
  author = {{ILITEK}},
  title  = {TFT LCD Single Chip Driver ILI9341},
  year   = {2010},
  url    = {https://cdn-shop.adafruit.com/datasheets/ILI9341.pdf},
  note   = {(Abrufdatum 12.08.2020)},
}

@Electronic{Touch_ADC,
  author = {{Analog Devices}},
  title  = {Touch Screen Digitizer AD7843},
  year   = {2004},
  url    = {https://www.analog.com/media/en/technical-documentation/data-sheets/AD7843.pdf},
  note   = {(Abrufdatum 12.08.2020)},
}

@Electronic{Cyclone_V,
  author = {{Intel}},
  title  = {Cyclone V Handbook},
  year   = {2020},
  url    = {https://www.intel.com/content/dam/www/programmable/us/en/pdfs/literature/hb/cyclone-v/cv_5v2.pdf},
  note   = {(Abrufdatum 14.08.2020)},
}

@Electronic{NIOS_II_soft,
  author = {{Intel}},
  title  = {Nios® II Software Developer Handbook},
  year   = {2020},
  url    = {https://www.intel.com/content/dam/www/programmable/us/en/pdfs/literature/hb/nios2/n2sw_nii5v2gen2.pdf},
  note   = {(Abrufdatum 14.08.2020)},
}

@Electronic{AD7843,
  author = {{Analog Devices}},
  title  = {Touch Screen Digitizer},
  year   = {2004},
  url    = {https://www.analog.com/media/en/technical-documentation/data-sheets/AD7843.pdf},
  note   = {(Abrufdatum 14.08.2020)},
}
@Comment{jabref-meta: databaseType:biblatex;}
